% Encoding: UTF-8

@Electronic{,
}

@Article{Doettling2021,
  author = {Pedro Branco, Nico Döttling, Sihang Pu},
  title  = {Multiparty Cardinality Testing for Threshold Private SetIntersection},
  year   = {2021},
}

@Book{,
}

@Misc{Yi2014,
  author    = {Yi, X and Paulet, R and Bertino, E},
  title     = {Homomorphic Encryption. In: Homomorphic Encryption and Applications. SpringerBriefs in Computer Science},
  year      = {2014},
  doi       = {10.1007/978-3-319-12229-8_2},
  publisher = {Springer},
}

@Article{IvanDamgard2004,
  author = {Ivan Damgard, Mads Jurik},
  title  = {A Generalization of Paillier’s Public-Key Systemwith Applications to Electronic Voting},
  year   = {2004},
}

@Article{Shamir1979,
  author = {Adi Shamir},
  title  = {How to Share a Secret},
  year   = {1979},
}

@Comment{jabref-meta: databaseType:bibtex;}
